@article{Wierda2021,
   title={Beyond the Detector Horizon: Forecasting Gravitational-Wave Strong Lensing},
   volume={921},
   ISSN={1538-4357},
   url={http://dx.doi.org/10.3847/1538-4357/ac1bb4},
   DOI={10.3847/1538-4357/ac1bb4},
   number={2},
   journal={The Astrophysical Journal},
   publisher={American Astronomical Society},
   author={Wierda, A. Renske A. C. and Wempe, Ewoud and Hannuksela, Otto A. and Koopmans, Léon V. E. and Van Den Broeck, Chris},
   year={2021},
   month=nov, pages={154},
}

@article{feixu2022,
   title={Please Repeat: Strong Lensing of Gravitational Waves as a Probe of Compact Binary and Galaxy Populations},
   volume={929},
   ISSN={1538-4357},
   url={http://dx.doi.org/10.3847/1538-4357/ac58f8},
   DOI={10.3847/1538-4357/ac58f8},
   number={1},
   journal={The Astrophysical Journal},
   publisher={American Astronomical Society},
   author={Xu, Fei and Ezquiaga, Jose María and Holz, Daniel E.},
   year={2022},
   month=apr, pages={9} }

@misc{haris2018,
   title={Identifying strongly lensed gravitational wave signals from binary black hole mergers}, 
   author={K. Haris and Ajit Kumar Mehta and Sumit Kumar and Tejaswi Venumadhav and Parameswaran Ajith},
   year={2018},
   eprint={1807.07062},
   archivePrefix={arXiv},
   primaryClass={gr-qc},
   url={https://arxiv.org/abs/1807.07062}, 
}

@article{Kormann1994,
   author  = {Kormann, R. and Schneider, P. and Bartelmann, M.},
   title   = {Isothermal elliptical gravitational lens models},
   journal = {Astronomy \& Astrophysics},
   year    = {1994},
   volume  = {284},
   pages   = {285--299},
   month   = apr,
   doi     = {10.1051/aa:1994284},
   url     = {https://doi.org/10.1051/aa:1994284}
}

@article{Choi2007,
   title={Internal and Collective Properties of Galaxies in the Sloan Digital Sky Survey},
   volume={658},
   ISSN={1538-4357},
   url={http://dx.doi.org/10.1086/511060},
   DOI={10.1086/511060},
   number={2},
   journal={The Astrophysical Journal},
   publisher={American Astronomical Society},
   author={Choi, Yun‐Young and Park, Changbom and Vogeley, Michael S.},
   year={2007},
   month=apr, pages={884–897} }

@article{Collett2015,
   title={THE POPULATION OF GALAXY–GALAXY STRONG LENSES IN FORTHCOMING OPTICAL IMAGING SURVEYS},
   volume={811},
   ISSN={1538-4357},
   url={http://dx.doi.org/10.1088/0004-637X/811/1/20},
   DOI={10.1088/0004-637x/811/1/20},
   number={1},
   journal={The Astrophysical Journal},
   publisher={American Astronomical Society},
   author={Collett, Thomas E.},
   year={2015},
   month=sep, pages={20} }

@article{Allen2012,
   title={FINDCHIRP: An algorithm for detection of gravitational waves from inspiraling compact binaries},
   volume={85},
   ISSN={1550-2368},
   url={http://dx.doi.org/10.1103/PhysRevD.85.122006},
   DOI={10.1103/physrevd.85.122006},
   number={12},
   journal={Physical Review D},
   publisher={American Physical Society (APS)},
   author={Allen, Bruce and Anderson, Warren G. and Brady, Patrick R. and Brown, Duncan A. and Creighton, Jolien D. E.},
   year={2012},
   month=jun }

@misc{phurailatpam2025gwsnrpythonpackageefficient,
   title={gwsnr: A python package for efficient signal-to-noise calculation of gravitational-waves}, 
   author={Hemantakumar Phurailatpam and Otto Akseli Hannuksela},
   year={2025},
   eprint={2412.09888},
   archivePrefix={arXiv},
   primaryClass={astro-ph.IM},
   url={https://arxiv.org/abs/2412.09888}, 
}

@article{Sonnenfeld2024,
   title={The SLACS strong lens sample, debiased},
   volume={690},
   ISSN={1432-0746},
   url={http://dx.doi.org/10.1051/0004-6361/202451341},
   DOI={10.1051/0004-6361/202451341},
   journal={Astronomy \&; Astrophysics},
   publisher={EDP Sciences},
   author={Sonnenfeld, Alessandro},
   year={2024},
   month=oct, pages={A325},
}

@article{Bernardi2010,
   title={Galaxy luminosities, stellar masses, sizes, velocity dispersions as a function of morphological type},
   ISSN={1365-2966},
   url={http://dx.doi.org/10.1111/j.1365-2966.2010.16425.x},
   DOI={10.1111/j.1365-2966.2010.16425.x},
   journal={Monthly Notices of the Royal Astronomical Society},
   publisher={Oxford University Press (OUP)},
   author={Bernardi, M. and Shankar, F. and Hyde, J. B. and Mei, S. and Marulli, F. and Sheth, R. K.},
   year={2010},
   month=mar }

@article{Oguri2018,
   title={Effect of gravitational lensing on the distribution of gravitational waves from distant binary black hole mergers},
   volume={480},
   ISSN={1365-2966},
   url={http://dx.doi.org/10.1093/mnras/sty2145},
   DOI={10.1093/mnras/sty2145},
   number={3},
   journal={Monthly Notices of the Royal Astronomical Society},
   publisher={Oxford University Press (OUP)},
   author={Oguri, Masamune},
   year={2018},
   month=aug, pages={3842–3855} }

@article{Torrey2015,
   title={An analysis of the evolving comoving number density of galaxies in hydrodynamical simulations},
   volume={454},
   ISSN={1365-2966},
   url={http://dx.doi.org/10.1093/mnras/stv1986},
   DOI={10.1093/mnras/stv1986},
   number={3},
   journal={Monthly Notices of the Royal Astronomical Society},
   publisher={Oxford University Press (OUP)},
   author={Torrey, Paul and Wellons, Sarah and Machado, Francisco and Griffen, Brendan and Nelson, Dylan and Rodriguez-Gomez, Vicente and McKinnon, Ryan and Pillepich, Annalisa and Ma, Chung-Pei and Vogelsberger, Mark and Springel, Volker and Hernquist, Lars},
   year={2015},
   month=oct, pages={2770–2786} }

